@web{V354,
  author = {TU Dortmund},
  title = {V354 - Ged√§mpfte und erzwungene Schwingungen},
   date = 2019,
  month = jan,
  day = 13,
  url = {http://129.217.224.2/HOMEPAGE/PHYSIKER/BACHELOR/AP/SKRIPT/V354.pdf}
}
